% Encoding: UTF-8
@article{socialgraphexample,
  title={Random graph models of social networks},
  author={Newman, Mark EJ and Watts, Duncan J and Strogatz, Steven H},
  journal={Proceedings of the national academy of sciences},
  volume={99},
  number={suppl\_1},
  pages={2566--2572},
  year={2002},
  publisher={National Acad Sciences}
}

@article{powergraphexample,
  title={Using graph models to analyze the vulnerability of electric power networks},
  author={Holmgren, {\AA}ke J},
  journal={Risk analysis},
  volume={26},
  number={4},
  pages={955--969},
  year={2006},
  publisher={Wiley Online Library}
}

@book{randomgraphs,
  title={Random graphs},
  author={Janson, Svante and Rucinski, Andrzej and Luczak, Tomasz},
  year={2011},
  publisher={John Wiley \& Sons}
}

@inbook{economicsgraph,
author = {Michael, D. and Battiston, Stefano},
year = {2009},
month = {01},
pages = {23-63},
title = {From Graph Theory to Models of Economic Networks. A Tutorial},
volume = {613},
journal = {Lecture Notes in Economics and Mathematical Systems},
}

@online{electricityappliances,
  author = {
Department for Energy Security and Net Zero and Department for Business, Energy & Industrial Strategy},
  title = {Energy Consumption in the UK, Electrical Products Data Tables},
  year = 2022,
  url = {https://www.gov.uk/government/statistics/energy-consumption-in-the-uk-2022},
  urldate = {2023-05-25}
}

@article{exogenousdata,
  title={Exogenous Data for Load Forecasting: A Review.},
  author={Christen, Ram{\'o}n and Mazzola, Luca and Denzler, Alexander and Portmann, Edy},
  journal={IJCCI},
  pages={489--500},
  year={2020}
}

@article{exogenousdata2,
  title={Electrical load forecasting models: A critical systematic review},
  author={Kuster, Corentin and Rezgui, Yacine and Mourshed, Monjur},
  journal={Sustainable cities and society},
  volume={35},
  pages={257--270},
  year={2017},
  publisher={Elsevier}
}

@inproceedings{loadforecastingtimedependency,
  title={Classification of electricity load forecasting based on the factors influencing the load consumption and methods used: An-overview},
  author={Mustapha, M and Mustafa, MW and Khalid, SN and Abubakar, I and Shareef, H},
  booktitle={2015 IEEE Conference on Energy Conversion (CENCON)},
  pages={442--447},
  year={2015},
  organization={IEEE}
}

@article{loadforecastingtimedependency2,
  title={Electric load forecasting methods: Tools for decision making},
  author={Hahn, Heiko and Meyer-Nieberg, Silja and Pickl, Stefan},
  journal={European journal of operational research},
  volume={199},
  number={3},
  pages={902--907},
  year={2009},
  publisher={Elsevier}
}

@inproceedings{twittergeolocforecasting,
  title={Short-term load forecasting using artificial neural networks and social media data},
  author={Boyd, Alexander and Sun, Hongjian and Black, Mary and Jesson, Simon},
  booktitle={CIRED 2021-The 26th International Conference and Exhibition on Electricity Distribution},
  volume={2021},
  pages={2695--2699},
  year={2021},
  organization={IET}
}

@article{twittergeolocforecasting2,
  title={Estimating local-scale domestic electricity energy consumption using demographic, nighttime light imagery and Twitter data},
  author={Sun, Yeran and Wang, Shaohua and Zhang, Xucai and Chan, Ting On and Wu, Wenjie},
  journal={Energy},
  volume={226},
  pages={120351},
  year={2021},
  publisher={Elsevier}
}

@article{twittergeoloccorr,
  title={Social media data as a proxy for hourly fine-scale electric power consumption estimation},
  author={Deng, Chengbin and Lin, Weiying and Ye, Xinyue and Li, Zhenlong and Zhang, Ziang and Xu, Ganggang},
  journal={Environment and Planning A: Economy and Space},
  volume={50},
  number={8},
  pages={1553--1557},
  year={2018},
  publisher={SAGE Publications Sage UK: London, England}
}

@article{contentanalysy,
  title={Content analysis of social media: A grounded theory approach},
  author={Lai, Linda SL and To, Wai Ming},
  journal={Journal of Electronic Commerce Research},
  volume={16},
  number={2},
  pages={138},
  year={2015},
  publisher={Journal of Electronic Commerce Research}
}

@article{poweroutagetwitter,
  title={Embracing human noise as resilience indicator: twitter as power grid correlate},
  author={LaLone, Nicolas and Tapia, Andrea and Zobel, Christopher and Caraega, Cornelia and Neppalli, Venkata Kishore and Halse, Shane},
  journal={Sustainable and Resilient Infrastructure},
  volume={2},
  number={4},
  pages={169--178},
  year={2017},
  publisher={Taylor \& Francis}
}

@article{googlepowerforecast,
  title={Electricity load forecast considering search engine indices},
  author={Wu, Xinyu and Dou, Chunxia and Yue, Dong},
  journal={Electric Power Systems Research},
  volume={199},
  pages={107398},
  year={2021},
  publisher={Elsevier}
}

@article{energybert,
  title={CitEnergy: A BERT based model to analyse Citizensâ€™ Energy-Tweets},
  author={Bedi, Jatin and Toshniwal, Durga},
  journal={Sustainable Cities and Society},
  volume={80},
  pages={103706},
  year={2022},
  publisher={Elsevier}
}

@inproceedings{twitterpoweroutagelighttime,
  title={Using nightlight remote sensing imagery and Twitter data to study power outages},
  author={Hultquist, Carolynne and Simpson, Mark and Cervone, Guido and Huang, Qunying},
  booktitle={Proceedings of the 1st ACM SIGSPATIAL International Workshop on the Use of GIS in Emergency Management},
  pages={1--6},
  year={2015}
}

@article{twittertopicevent,
  title={Using large-scale social media networks as a scalable sensing system for modeling real-time energy utilization patterns},
  author={Bodnar, Todd and Dering, Matthew L and Tucker, Conrad and Hopkinson, Kenneth M},
  journal={IEEE Transactions on Systems, Man, and Cybernetics: Systems},
  volume={47},
  number={10},
  pages={2627--2640},
  year={2016},
  publisher={IEEE}
}

@article{internettrafficenergycorrelation,
  title={Digitalisation, energy and data demand: The impact of Internet traffic on overall and peak electricity consumption},
  author={Morley, Janine and Widdicks, Kelly and Hazas, Mike},
  journal={Energy Research \& Social Science},
  volume={38},
  pages={128--137},
  year={2018},
  publisher={Elsevier}
}

@article{electricityinternetforecast,
  title={Electricity Load and Internet Traffic Forecasting Using Vector Autoregressive Models},
  author={Kim, Yunsun and Kim, Sahm},
  journal={Mathematics},
  volume={9},
  number={18},
  pages={2347},
  year={2021},
  publisher={MDPI}
}